@book{bishop2006,
	title={Pattern recognition and machine learning},
	author={Bishop, Christopher M. and Nasrabadi, Nasser M.},
	year={2006},
	publisher={Springer},
	address = {New York}
}